@article{manukyan2016classification,
  title={Classification of imbalanced data with a geometric digraph family},
  author={Manukyan, Art{\"u}r and Ceyhan, Elvan},
  journal={Journal of Machine Learning Research},
  volume={17},
  number={189},
  pages={1--40},
  year={2016}
}
@article{sanchez2007analysis,
  title={An analysis of how training data complexity affects the nearest neighbor classifiers},
  author={S{\'a}nchez, Jos{\'e} Salvador and Mollineda, Ram{\'o}n Alberto and Sotoca, Jos{\'e} Mart{\'\i}nez},
  journal={Pattern Analysis and Applications},
  volume={10},
  number={3},
  pages={189--201},
  year={2007},
  publisher={Springer}
}
@article{garcia2009diagnose,
  title={Diagnose effective evolutionary prototype selection using an overlapping measure},
  author={Garc{\'\i}a, Salvador and Cano, Jose-Ramon and Bernado-Mansilla, Ester and Herrera, Francisco},
  journal={International Journal of Pattern Recognition and Artificial Intelligence},
  volume={23},
  number={08},
  pages={1527--1548},
  year={2009},
  publisher={World Scientific}
}
@book{diestel2012graph,
  title={Graph Theory: Springer Graduate Text GTM 173},
  author={Diestel, Reinhard},
  volume={173},
  year={2012},
  publisher={Reinhard Diestel}
}
@book{dodge2008concise,
  title={The concise encyclopedia of statistics},
  author={Dodge, Yadolah},
  year={2008},
  publisher={Springer Science \& Business Media}
}
@book{cherkassky2007learning,
  title={Learning from data: concepts, theory, and methods},
  author={Cherkassky, Vladimir and Mulier, Filip M},
  year={2007},
  publisher={John Wiley \& Sons}
}
@book{bollobas1979graph,
  title={Graph theory: an introductory course},
  author={Bollob{\'a}s, B{\'e}la},
  volume={63}
}
@book{korte2012combinatorial,
  title={Combinatorial optimization},
  author={Korte, Bernhard and Vygen, Jens},
  volume={2},
  publisher={Springer}
}
@misc{cormen2001introduction,
  title={Introduction to algorithms second edition},
  author={Cormen, Thomas H and Leiserson, Charles E and Rivest, Ronald L and Stein, Clifford},
  year={2001},
  publisher={The MIT Press}
}
@article{chvatal1979greedy,
  title={A greedy heuristic for the set-covering problem},
  author={Chvatal, Vasek},
  journal={Mathematics of operations research},
  volume={4},
  number={3},
  pages={233--235},
  year={1979},
  publisher={INFORMS}
}
@book{hardle2015introduction,
  title={Introduction to Statistics: Using Interactive MM* Stat Elements},
  author={H{\"a}rdle, Wolfgang Karl and Klinke, Sigbert and R{\"o}nz, Bernd},
  year={2015},
  publisher={Springer}
}
@book{vapnik1998statistical,
  title={Statistical learning theory. 1998},
  author={Vapnik, Vladimir},
  year={1998},
  publisher={Wiley, New York}
}
@book{shalev2014understanding,
  title={Understanding machine learning: From theory to algorithms},
  author={Shalev-Shwartz, Shai and Ben-David, Shai},
  year={2014},
  publisher={Cambridge university press}
}
@article{mollineda2005data,
  title={Data characterization for effective prototype selection},
  author={Mollineda, Ram{\'o}n and S{\'a}nchez, J and Sotoca, Jos{\'e}},
  journal={Pattern Recognition and Image Analysis},
  pages={295--302},
  year={2005},
  publisher={Springer}
}
@article{alcala2011keel,
  title={Keel data-mining software tool: data set repository, integration of algorithms and experimental analysis framework.},
  author={Alcal{\'a}-Fdez, Jes{\'u}s and Fern{\'a}ndez, Alberto and Luengo, Juli{\'a}n and Derrac, Joaqu{\'\i}n and Garc{\'\i}a, Salvador and S{\'a}nchez, Luciano and Herrera, Francisco},
  journal={Journal of Multiple-Valued Logic \& Soft Computing},
  volume={17},
  year={2011}
}
